@MISC {1861540,
    TITLE = {transport functions ,lemmas between isomorphic structures using univalence},
    AUTHOR = {doofin (https://math.stackexchange.com/users/354484/doofin)},
    HOWPUBLISHED = {Mathematics Stack Exchange},
    NOTE = {URL:https://math.stackexchange.com/q/1861540 (version: 2016-07-17)},
    EPRINT = {https://math.stackexchange.com/q/1861540},
    URL = {https://math.stackexchange.com/q/1861540},
    year = {2016},
    month = {jul}
}
